%containing a complete list of books and other publications that are either explicitly referred to in the text, or which are recommended for further reading on the topic

@article{simon2014introduction,
  title={Introduction to geometric measure theory},
  author={Simon, Leon},
  journal={Lectures on geometric measure theory (Canberra, 1983), revised edition},
  year={2014}
}

@Misc{DeL12,
  author = { De Lellis, Camillo },
  title = { Allard's interior regularity theorem: an invitation to stationary varifolds },
  journal = { To appear in the Collections of the CMSA Harvard },
  year = { 2012 },
  pages = {  },
}

@booklet{holopainen16,
  title={Geometric Measure Theory},
  author={Holopainen, Ilkka},
  year={2016}
}

@booklet{holopainen15,
  title={Minimal Surfaces},
  author={Holopainen, Ilkka},
  year={2015}
}

@booklet{michelat18,
  title={Lecture Notes on Geometric Measure Theory},
  author={Michelat, Alexis},
  year={2018}
}

@booklet{lang05,
  title={Introduction to Geometric Measure Theory},
  author={Lang, Urs},
  year={2005}
}


@book{kinnunen20,
    title     = {Sobolev Spaces},
    author    = {Kinnunen, Juha},
    year      = {2020},
    publisher = {Department of Mathematics and Systems Analysis, Aalto University}
}

@book{gt01,
    title   = {Elliptic partial differential equations of second order},
    author  = {Gilbarg, David and Trudinger, Neil S.},
    year    = {2001, REPRINT of the 1998 edition.},
    publisher = {Classics in Mathematics, Springer.},
    pages   = {167--168}
}